<?xml version="1.0" encoding="UTF-8"?><collection><record><leader>08311ntm a2200745 a 4500</leader><controlfield tag="001">006823186</controlfield><controlfield tag="003">MiAaHDL</controlfield><controlfield tag="005">20190719000000.0</controlfield><controlfield tag="006">m        d        </controlfield><controlfield tag="007">cr bn ---auaua</controlfield><controlfield tag="008">090625q17161717xx            00| ||ara d</controlfield><datafield tag="035" ind1=" " ind2=" "><subfield code="a">(MiU)006823186</subfield></datafield><datafield tag="035" ind1=" " ind2=" "><subfield code="a">sdr-miu006823186</subfield></datafield><datafield tag="040" ind1=" " ind2=" "><subfield code="a">MiU</subfield><subfield code="c">MiU</subfield><subfield code="e">amremm</subfield></datafield><datafield tag="041" ind1="0" ind2=" "><subfield code="a">ara</subfield><subfield code="a">ota</subfield></datafield><datafield tag="043" ind1=" " ind2=" "><subfield code="a">n-us-mi</subfield></datafield><datafield tag="245" ind1="0" ind2="0"><subfield code="6">880-03</subfield><subfield code="a">[Hilye-yi şerif ...etc.,</subfield><subfield code="f">1129, i.e. 1716 or 1717].</subfield></datafield><datafield tag="260" ind1=" " ind2=" "><subfield code="c">[1716 or 1717].</subfield></datafield><datafield tag="300" ind1=" " ind2=" "><subfield code="a">34 leaves :</subfield><subfield code="b">paper ;</subfield><subfield code="c">165 x 107 (103 x 55) mm.</subfield></datafield><datafield tag="500" ind1=" " ind2=" "><subfield code="a">Shelfmark: Ann Arbor, University of Michigan, Special Collections Library, Isl. Ms. 1008</subfield></datafield><datafield tag="500" ind1=" " ind2=" "><subfield code="a">Origin: As appears in colophon on p.71, executed by Derviş İbrahim b. Hafız Halil with transcription completed 1129 [1716 or 17].</subfield></datafield><datafield tag="500" ind1=" " ind2=" "><subfield code="a">Accompanying materials: "a. Two 5 x 7 catalog cards bearing above description of item. -- b. Letter, Warner G. Rice (Director, General Library, U of M) to Mr. Richard Ford of Detroit, 20 July 1951. In the letter Rice acknowledges receipt of a 16 July note from Ford which included a copy of a letter obtained by Ford from G. M. Meredith-Owens, Brit. Mus. Dept. of Oriental Printed Books and Manuscripts, presumably authenticating (and describing?) the work in hand. Ford's letter may have asked what research institutions in the United States might be interested in acquiring the text. Rice writes: "There are several research institutions in the Unites States which have made some special attempts to collect materials on and about the Near East. Among these I suppose the most distinguished is Princeton, though a good deal has been done at the University of Chicago also. At the University of Michigan we have specialized for a long time in Coptic materials, but we are now extending our interests, especially through the activities of Professor Cameron, who has recently become head of our Department of Near Eastern Languages...The General Library is now making rather extensive purchases of materials in Turkish, Persian, and Arabic. Last fall we acquired a large collection 19 of such materials and shall doubtless continue to build in this field. I can assure you that if you were to offer the Arabic manuscript which Mr. Owens describes to the University of Michigan we should be very glad indeed to have it." -- c. Note on pink slip of paper in handwriting of Harriet Jameson: "From Mr. Wagman 12-22-61. Is this the missing manuscript? No. In his vault. Keep anyway." -- d. Small Univ. of Mich. campus mail envelope addressed "Islamic MS," containing small fragment of a book binding: filigree cut gilded leather on cloth" - from handlist prepared by R. Dougherty, 1993, only cards carrying description still with manuscript.</subfield></datafield><datafield tag="500" ind1=" " ind2=" "><subfield code="a">Former shelfmark: Mich. Isl. Ms. temp. no. 157</subfield></datafield><datafield tag="500" ind1=" " ind2=" "><subfield code="a">Binding: Pasteboards covered in brown leather ; Type II binding (with flap) ; doublures (board linings) and interior of flap in spring green textile (possibly silk), flyleaves and hinges in pink-tinted laid paper ; upper and lower covers carry stamped and gold-painted mandorla (filled with vegetal composition, reminiscent of Déroche class. OAi 10) with gold-tooled rosette accents and guilloché roll border ; sewn in dull pink thread, two stations ; overall in somewhat poor condition with lifting and losses of leather (particularly at pine, spine lining exposed), abrasion, staining, minor delamination of boards, minor pest damage, etc.</subfield></datafield><datafield tag="500" ind1=" " ind2=" "><subfield code="a">Support: European laid paper with roughly 14 laid lines per cm. (horizontal), chain lines spaced 19 mm. (vertical) and no watermarks visible (perhaps lost to trimming), beige in color, sturdy though thin and transluscent, well-sized and burnished ; flyleaves in a different European laid paper.</subfield></datafield><datafield tag="500" ind1=" " ind2=" "><subfield code="a">Decoration: Fine illuminated headpiece (ʻunwān) at opening on p.8 consisting of rectangular piece with empty gold cartouche flanked by floral accents, surmounted by dome or semi-circular piece filled with swirling floral decoration in gold with black outline, white, red and orange-red on fields of gold and dark blue (cobalt), all surmounted by vertical stalks (tīgh) in red and blue and set in a well of gold, red and blue bands with white crosses ; additional illuminated headpieces at section openings throughout the manuscript ; written area surrounded by gold frame defined by black fillets ; textual dividers in the form of gold rosettes with red and blue accents.</subfield></datafield><datafield tag="500" ind1=" " ind2=" "><subfield code="a">Script: Naskh ; clear, well-formed Ottoman hand in a medium line ; mainly serifless with slight effect of tilt to the left, curvilinear descenders, many open counters, pointing mainly in conjoined dots, extensively vocalized (mainly Arabic passages).</subfield></datafield><datafield tag="500" ind1=" " ind2=" "><subfield code="a">Layout: Written mainly in 9-11 lines per page ; frame-ruled.</subfield></datafield><datafield tag="500" ind1=" " ind2=" "><subfield code="a">Collation: iii, 3 V(30), II (34), iii ; almost exclusively quinions ; final leaf left blank ; catchwords present ; pagination in pencil, Western numerals, supplied during digitization (includes flyleaves).</subfield></datafield><datafield tag="500" ind1=" " ind2=" "><subfield code="a">Colophon: "Scribal," reads "كتبه اضعف الضعفاء درويش ابراهيم ابن حافظ خليل حامدا لله تعالى ومصليا على نبيه محمد واله وصحبه اجمعين سنة تسع وعشرين ومائة والف من هجرة النبوية"</subfield></datafield><datafield tag="500" ind1=" " ind2=" "><subfield code="a">Explicit: "شفاعتلرين احسان وصحبتلريله شرفياب ايليه امين يا معين"</subfield></datafield><datafield tag="500" ind1=" " ind2=" "><subfield code="a">Incipit: "اعوذ بالله من الشيطان الرجيم بسم الله الرحمن الرحيم الحمد هر حمد وافرين كه ازلدن ابده دك موجود ومعلوم اولدى ..."</subfield></datafield><datafield tag="500" ind1=" " ind2=" "><subfield code="a">Title supplied by cataloguer.</subfield></datafield><datafield tag="500" ind1=" " ind2=" "><subfield code="a">Ms. codex.</subfield></datafield><datafield tag="505" ind1="0" ind2=" "><subfield code="a">7. p.67-p.71 : Nat-i Damad-i Resulullah [or Hilye-yi Hazret-i Ali].</subfield></datafield><datafield tag="505" ind1="0" ind2=" "><subfield code="a">6. p.64-p.66 : Nat-i Osman [or Hilye-yi Osman].</subfield></datafield><datafield tag="505" ind1="0" ind2=" "><subfield code="a">5. p.61-p.64 : Nat-i Faruk yani Ömer [or Hilye-yi Ömer ].</subfield></datafield><datafield tag="505" ind1="0" ind2=" "><subfield code="a">4. p.59-p.61 : Nat-i Yar-i Gar-i Sıddık [or Hilye-yi Ebübekir].</subfield></datafield><datafield tag="505" ind1="0" ind2=" "><subfield code="a">3. p.16-58 : [Hilye-yi şerif].</subfield></datafield><datafield tag="505" ind1="0" ind2=" "><subfield code="a">2. p.13-p.16 : [Asmāʼ al-Nabī].</subfield></datafield><datafield tag="505" ind1="0" ind2=" "><subfield code="a">1. p.8-p.12 : [elucidation of the Fātiḥah in Turkish].</subfield></datafield><datafield tag="520" ind1="8" ind2=" "><subfield code="a">A fine specimen of Ottoman calligraphy comprising devotional material in Arabic and Turkish, opening with a Turkish elucidation of Sūrat al-Fātiḥah, followed by the names of the Prophet, description of the Prophet's characteristics (or hilye text, opening with the text related by ʻAlī ibn Abī Ṭālib) with Turkish elucidation, and similar descriptions for each of the four rightly guided Caliphs (Çihâryâr-i Güzin).</subfield></datafield><datafield tag="538" ind1=" " ind2=" "><subfield code="a">Mode of access: Internet.</subfield></datafield><datafield tag="541" ind1=" " ind2=" "><subfield code="c">Gift ;</subfield><subfield code="a">Richard Ford ;</subfield><subfield code="d">Received: 1951.</subfield></datafield><datafield tag="546" ind1=" " ind2=" "><subfield code="a">Arabic and Ottoman Turkish.</subfield></datafield><datafield tag="561" ind1=" " ind2=" "><subfield code="a">Inscription on front flyleaf in purple pencil appears to be a calculation of the age of the manuscript in 1334 [1915 or 16] ; UM Library inscription on p.73 "Spec. Coll. Lib. | Gift Richard Ford | 1951" ; clean copy.</subfield></datafield><datafield tag="600" ind1="0" ind2="0"><subfield code="a">Muḥammad,</subfield><subfield code="c">Prophet,</subfield><subfield code="d">-632</subfield><subfield code="v">Early works to 1800.</subfield></datafield><datafield tag="630" ind1="0" ind2="0"><subfield code="a">Qurʼan.</subfield><subfield code="p">Sūrat al-Fātiḥah</subfield><subfield code="x">Criticism, interpretation, etc.</subfield><subfield code="v">Early works to 1800.</subfield></datafield><datafield tag="650" ind1=" " ind2="0"><subfield code="a">Manuscripts, Turkish</subfield><subfield code="z">Michigan</subfield><subfield code="z">Ann Arbor.</subfield></datafield><datafield tag="650" ind1=" " ind2="0"><subfield code="a">Manuscripts, Arabic</subfield><subfield code="z">Michigan</subfield><subfield code="z">Ann Arbor.</subfield></datafield><datafield tag="650" ind1=" " ind2="0"><subfield code="a">Caliphs</subfield><subfield code="v">Early works to 1800.</subfield></datafield><datafield tag="650" ind1=" " ind2="0"><subfield code="a">Islam</subfield><subfield code="v">Prayers and devotions</subfield><subfield code="v">Early works to 1800.</subfield></datafield><datafield tag="655" ind1=" " ind2="7"><subfield code="a">Headpieces (layout features)</subfield><subfield code="y">18th century.</subfield><subfield code="2">aat</subfield></datafield><datafield tag="700" ind1="0" ind2=" "><subfield code="6">880-08</subfield><subfield code="a">Derviş İbrahim bin Hafız Halil,</subfield><subfield code="d">fl. 1716,</subfield><subfield code="e">calligrapher,</subfield><subfield code="e">scribe.</subfield></datafield><datafield tag="740" ind1="0" ind2="2"><subfield code="6">880-07</subfield><subfield code="a">Nat-i Damad-i Resulullah</subfield></datafield><datafield tag="740" ind1="0" ind2="2"><subfield code="6">880-06</subfield><subfield code="a">Nat-i Osman</subfield></datafield><datafield tag="740" ind1="0" ind2="2"><subfield code="6">880-05</subfield><subfield code="a">Nat-i Faruk yani Ömer</subfield></datafield><datafield tag="740" ind1="0" ind2="2"><subfield code="6">880-04</subfield><subfield code="a">Nat-i Yar-i Gar-i Sıddık</subfield></datafield><datafield tag="773" ind1="0" ind2=" "><subfield code="a">Richard Ford Ms.</subfield></datafield><datafield tag="880" ind1="0" ind2=" "><subfield code="6">700-08/</subfield><subfield code="a">دوريش ابراهيم ابن حافظ خليل,</subfield><subfield code="e">خطاط,</subfield><subfield code="e">ناسخ.</subfield></datafield><datafield tag="880" ind1="0" ind2="2"><subfield code="6">740-07/</subfield><subfield code="a">نعت داماد رسول الله</subfield></datafield><datafield tag="880" ind1="0" ind2="2"><subfield code="6">740-06/</subfield><subfield code="a">نعت عثمان</subfield></datafield><datafield tag="880" ind1="0" ind2="2"><subfield code="6">740-05/</subfield><subfield code="a">نعت فاروق يعنى عمر</subfield></datafield><datafield tag="880" ind1="0" ind2="2"><subfield code="6">740-04/</subfield><subfield code="a">نعت يار غار صديق</subfield></datafield><datafield tag="880" ind1="0" ind2="0"><subfield code="6">245-03/</subfield><subfield code="a">[حليۀ شريف ...الخ,</subfield><subfield code="f">1129ه، 1716 او 1717م].</subfield></datafield><datafield tag="CID" ind1=" " ind2=" "><subfield code="a">006823186</subfield></datafield><datafield tag="DAT" ind1="0" ind2=" "><subfield code="a">20190719102640.0</subfield><subfield code="b">20190719000000.0</subfield></datafield><datafield tag="DAT" ind1="1" ind2=" "><subfield code="a">20190719090653.0</subfield><subfield code="b">2019-07-19T16:10:53Z</subfield></datafield><datafield tag="DAT" ind1="2" ind2=" "><subfield code="a">2015-10-02T18:00:03Z</subfield></datafield><datafield tag="CAT" ind1=" " ind2=" "><subfield code="a">SDR-MIU</subfield><subfield code="d">EX LIBRIS - ALEPH</subfield><subfield code="l">prepare.pl-004-008</subfield></datafield><datafield tag="FMT" ind1=" " ind2=" "><subfield code="a">BK</subfield></datafield><datafield tag="HOL" ind1=" " ind2=" "><subfield code="0">sdr-miu006823186</subfield><subfield code="a">MiU</subfield><subfield code="b">SDR</subfield><subfield code="c">MIU</subfield><subfield code="p">mdp.39015079130988</subfield><subfield code="s">MIU</subfield><subfield code="1">006823186</subfield></datafield><datafield tag="974" ind1=" " ind2=" "><subfield code="b">MIU</subfield><subfield code="c">MIU</subfield><subfield code="d">20190719</subfield><subfield code="s">lit-dlps-dc</subfield><subfield code="u">mdp.39015079130988</subfield><subfield code="y">1717</subfield><subfield code="r">pd</subfield><subfield code="q">bib</subfield><subfield code="t">non-US bib date2 &lt; 1879</subfield></datafield></record></collection>